@article{posen2021advances,
  title={Advances in Nb3Sn superconducting radiofrequency cavities towards first practical accelerator applications},
  author={Posen, Sam and Lee, Jaeyel and Seidman, David N and Romanenko, Alexander and Tennis, Brad and Melnychuk, OS and Sergatskov, DA},
  journal={Superconductor Science and Technology},
  volume={34},
  number={2},
  pages={025007},
  year={2021},
  publisher={IOP Publishing}
}

@article{porter2016surface,
  title={Surface roughness effect on the performance of Nb3Sn cavities},
  author={Porter, Ryan and Hall, Daniel Leslie and Liepe, Matthias and Maniscalco, JT and others},
  journal={Proc. of LINAC 2016},
  year={2016}
}

@inproceedings{pudasaini2018studies,
  title={Studies of Electropolishing and Oxypolishing Treated Diffusion Coated Nb3Sn Surfaces},
  author={Pudasaini, U and Eremeev, G and Reece, CE and Tuggle, J and Kelley, MJ},
  booktitle={Proc. 9th Int. Particle Accelerator Conf.(IPAC'18), Vancouver, Canada},
  pages={3954--3957},
  year={2018}
}

@article{pudasaini2017post,
  title={Post-Processing of Nb3Sn Coated Niobium},
  author={Pudasaini, Uttar and Eremeev, G and Reece, Charles E and Tuggle, J and Kelley, MJ},
  year={2017},
  publisher={Thomas Jefferson National Accelerator Facility, Newport News, VA 23606 USA}
}

@inproceedings{hu2019reducing,
  title={Reducing surface roughness of Nb3Sn through chemical polishing treatments},
  author={Hu, H},
  booktitle={Conference on RF Superconductivity},
  year={2019}
}

@article{sitaraman2021effect,
  title={Effect of the density of states at the Fermi level on defect free energies and superconductivity: A case study of Nb 3 Sn},
  author={Sitaraman, Nathan S and Kelley, Michelle M and Porter, Ryan D and Liepe, Matthias U and Arias, Tom{\'a}s A and Carlson, Jared and Pack, Alden R and Transtrum, Mark K and Sundararaman, Ravishankar},
  journal={Physical Review B},
  volume={103},
  number={11},
  pages={115106},
  year={2021},
  publisher={APS}
}

@article{cooper2012mirror,
  title={Mirror-smooth surfaces and repair of defects in superconducting RF cavities by mechanical polishing},
  author={Cooper, CA and Cooley, LD},
  journal={Superconductor Science and Technology},
  volume={26},
  number={1},
  pages={015011},
  year={2012},
  publisher={IOP Publishing}
}

@article{lee2018atomic,
  title={Atomic-scale analyses of Nb3Sn on Nb prepared by vapor diffusion for superconducting radiofrequency cavity applications: a correlative study},
  author={Lee, Jaeyel and Posen, Sam and Mao, Zugang and Trenikhina, Yulia and He, Kai and Hall, Daniel L and Liepe, Matthias and Seidman, David N},
  journal={Superconductor Science and Technology},
  volume={32},
  number={2},
  pages={024001},
  year={2018},
  publisher={IOP Publishing}
}

@article{posen2017nb3sn,
  title={Nb3Sn superconducting radiofrequency cavities: fabrication, results, properties, and prospects},
  author={Posen, Sam and Hall, Daniel Leslie},
  journal={Superconductor Science and Technology},
  volume={30},
  number={3},
  pages={033004},
  year={2017},
  publisher={IOP Publishing}
}

@article{pischalnikov2014rf,
  title={RF CONTROL AND DAQ SYSTEMS FOR THE UPGRADED VERTICAL TEST FACILITY AT FNAL},
  author={Pischalnikov, Y and Carcagno, R and Lewis, F and Nehring, R and Pilipenko, R and Schappert, W and others},
  year={2014}
}

@techreport{palczewski2013exploration,
  title={Exploration of material removal rate of SRF elliptical cavities as a function of media type and cavity shape on niobium and copper using centrifugal barrel polishing (CBP)},
  author={Palczewski, Ari and Ciovati, Gianluigi and Li, Yongming and Geng, Rongli},
  year={2013},
  institution={Thomas Jefferson National Accelerator Facility (TJNAF), Newport News, VA~â€¦}
}

@article{keckert2019critical,
  title={Critical fields of Nb3Sn prepared for superconducting cavities},
  author={Keckert, S and Junginger, T and Buck, T and Hall, D and Kolb, P and Kugeler, O and Laxdal, R and Liepe, M and Posen, S and Prokscha, T and others},
  journal={Superconductor Science and Technology},
  volume={32},
  number={7},
  pages={075004},
  year={2019},
  publisher={IOP Publishing}
}